
% ======================================       مقدمه ابتدا    =====================================================
% Li, C., Lubecke, V. M., Boric-Lubecke, O., & Lin, J. (2018). A Review on Recent Advances in Doppler Radar Sensors for Noncontact Healthcare Monitoring. IEEE Transactions on Microwave % % Theory and Techniques, 61(5), 2046–2060.

% Wang, Y., Zhang, H., & Lian, J. (2020). Non-contact Heart Rate Detection Using 77-GHz FMCW Radar. IEEE Sensors Journal, 20(12), 6921–6931.

% Adib, F., Mao, H., Kabelac, Z., Katabi, D., & Miller, R. C. (2015). Smart Homes That Monitor Breathing and Heart Rate. Proceedings of the 33rd Annual ACM Conference on Human Factors in % Computing Systems.

@article{kebe2020human,
  title={Human vital signs detection methods and potential using radars: A review},
  author={Kebe, Mamady and Gadhafi, Rida and Mohammad, Baker and Sanduleanu, Mihai and Saleh, Hani and Al-Qutayri, Mahmoud},
  journal={Sensors},
  volume={20},
  number={5},
  pages={1454},
  year={2020},
  publisher={MDPI}
}
@article{li2013review,
  title={A review on recent advances in Doppler radar sensors for noncontact healthcare monitoring},
  author={Li, Changzhi and Lubecke, Victor M and Boric-Lubecke, Olga and Lin, Jenshan},
  journal={IEEE Transactions on microwave theory and techniques},
  volume={61},
  number={5},
  pages={2046--2060},
  year={2013},
  publisher={IEEE}
}
@article{yue2020non,
  title={Non-contact heart rate detection by combining empirical mode decomposition and permutation entropy under non-cooperative face shake},
  author={Yue, Hongwei and Li, Xiaorong and Cai, Ken and Chen, Huazhou and Liang, Shufen and Wang, Tianlei and Huang, Wenhua},
  journal={Neurocomputing},
  volume={392},
  pages={142--152},
  year={2020},
  publisher={Elsevier}
}
@inproceedings{adib2015smart,
  title={Smart homes that monitor breathing and heart rate},
  author={Adib, Fadel and Mao, Hongzi and Kabelac, Zachary and Katabi, Dina and Miller, Robert C},
  booktitle={Proceedings of the 33rd annual ACM conference on human factors in computing systems},
  pages={837--846},
  year={2015}
}

% ======================================       مقدمه انتها    =====================================================

% ======================================       مبانی نظری ابتدا    =====================================================

% 2.1.1
@article{neemat2019reconfigurable,
  title={Reconfigurable range-Doppler processing and range resolution improvement for FMCW radar},
  author={Neemat, Sharef and Uysal, Faruk and Krasnov, Oleg and Yarovoy, Alexander},
  journal={IEEE Sensors Journal},
  volume={19},
  number={20},
  pages={9294--9303},
  year={2019},
  publisher={IEEE}
}
@inproceedings{munoz2018doppler,
  title={From Doppler to FMCW radars for non-contact vital-sign monitoring},
  author={Mu{\~n}oz-Ferreras, Jos{\'e}-Mar{\'\i}a and Wang, Jing and Peng, Zhengyu and G{\'o}mez-Garc{\'\i}a, Roberto and Li, Changzhi},
  booktitle={2018 2nd URSI Atlantic Radio Science Meeting (AT-RASC)},
  pages={1--4},
  year={2018},
  organization={IEEE}
}
% این برای عکسهkebe2020human 

% 2.1.2
@article{kwak2024adjusting,
  title={Adjusting Detectable Velocity Range in FMCW Radar Systems Through Selective Sampling},
  author={Kwak, Seungheon and Jeon, Dahyun and Lee, Seongwook},
  journal={IEEE Journal of Selected Areas in Sensors},
  year={2024},
  publisher={IEEE}
}
% neemat2019reconfigurable is here too 

% 2.2
@inproceedings{islam2020non,
  title={Non-contact vital signs monitoring for multiple subjects using a millimeter wave FMCW automotive radar},
  author={Islam, Shekh MM and Motoyama, Naoyuki and Pacheco, Sergio and Lubecke, Victor M},
  booktitle={2020 IEEE/MTT-S International Microwave Symposium (IMS)},
  pages={783--786},
  year={2020},
  organization={IEEE}
}
@article{lv2024millimeter,
  title={Millimeter wave radar for short-term heart rate measurement using intelligent singular value decomposition noise reduction algorithm},
  author={Lv, Wenjie and Liu, Chang and Liu, Haoqiang and Zhong, Shan and Yang, Hao and Feng, Shaohan},
  journal={IEEE Transactions on Instrumentation and Measurement},
  year={2024},
  publisher={IEEE}
}

% 2.3.1
% islam2020non
@inproceedings{demirsoy2024investigating,
  title={Investigating the Effect of Intra-Subject Variability in Seismocardiogram Analysis},
  author={Demirsoy, Eda and Semiz, Beren},
  booktitle={2024 32nd European Signal Processing Conference (EUSIPCO)},
  pages={1741--1745},
  year={2024},
  organization={IEEE}
}

% 2.3.2
% demirsoy2024investigating 
% 2.4
@article{petrovic2019high,
  title={High-accuracy real-time monitoring of heart rate variability using 24 GHz continuous-wave Doppler radar},
  author={Petrovi{\'c}, Vladimir L and Jankovi{\'c}, Milica M and Lup{\v{s}}i{\'c}, Anita V and Mihajlovi{\'c}, Veljko R and Popovi{\'c}-Bo{\v{z}}ovi{\'c}, Jelena S},
  journal={Ieee Access},
  volume={7},
  pages={74721--74733},
  year={2019},
  publisher={IEEE}
}
@misc{digikey_fmcw,
  author = {{DigiKey Electronics}},
  title = {Can Vital Signs Be Measured Using mmWave FMCW Radar?},
  year = {2024},
  howpublished = {\url{https://forum.digikey.com/t/can-vital-signs-be-measured-using-mmwave-fmcw-radar/48989}},
  url = {https://rfbeam.ch/demystifying-the-mystery-of-radar-resolution/},
  note = {Accessed: 2025-05-29}
}
@misc{rfbeam2024,
  author       = {{RFbeam Microwave GmbH}},
  title        = {Demystifying the Mystery of Radar Resolution},
  year         = {2024},
  url          = {https://rfbeam.ch/demystifying-the-mystery-of-radar-resolution/},
  note         = {Accessed: 2025-05-29}
}

% ======================================       مبانی نظری انتها    =====================================================

% ======================================       فصل سوم    =====================================================

@article{marty2024frequency,
  title={Frequency matters: Comparative analysis of low-power FMCW radars for vital sign monitoring},
  author={Marty, Steven and Ronco, Andrea and Pantanella, Federico and Dheman, Kanika and Magno, Michele},
  journal={IEEE Transactions on Instrumentation and Measurement},
  year={2024},
  publisher={IEEE}
}
@article{xu2024health,
  title={Health-Radar: Noncontact Multi-Target Heart Rate Variability Detection Using FMCW Radar},
  author={Xu, Zhimeng and Ye, Tao and Chen, Liangqin and Gao, Yueming and Chen, Zhizhang},
  journal={IEEE Sensors Journal},
  year={2024},
  publisher={IEEE}
}
@inproceedings{song2023multi,
  title={Multi-state FMCW radar real-time vital signs monitoring system},
  author={Song, Yuxin and Fang, Jing and Zhang, Kaizhen and Su, Runsong and Zhang, Nan and Zhao, Yuefeng},
  booktitle={2023 IEEE 6th International Conference on Electronic Information and Communication Technology (ICEICT)},
  pages={1--6},
  year={2023},
  organization={IEEE}
}
@article{paterniani2023radar,
  title={Radar-based monitoring of vital signs: A tutorial overview},
  author={Paterniani, Giacomo and Sgreccia, Daria and Davoli, Alessandro and Guerzoni, Giorgio and Di Viesti, Pasquale and Valenti, Anna Chiara and Vitolo, Marco and Vitetta, Giorgio M and Boriani, Giuseppe},
  journal={Proceedings of the IEEE},
  volume={111},
  number={3},
  pages={277--317},
  year={2023},
  publisher={IEEE}
}
@article{hao2025fmcw,
  title={FMCW-based contactless heart rate monitoring},
  author={Hao, Zhanjun and Gao, Yifei and Tang, Yangyang and Wang, Yue and Fan, Kai and Li, Fenfang},
  journal={Scientific Reports},
  volume={15},
  number={1},
  pages={2616},
  year={2025},
  publisher={Nature Publishing Group UK London}
}
@article{frazao2024radar,
  title={Radar-Based Heart Cardiac Activity Measurements: A Review},
  author={Frazao, Alvaro and Pinho, Pedro and Albuquerque, Daniel},
  journal={Sensors (Basel, Switzerland)},
  volume={24},
  number={23},
  pages={7654},
  year={2024}
}
% ======================================       فصل سوم    =====================================================
